% This file was created with JabRef 2.7.2.
% Encoding: Cp1252

@INPROCEEDINGS{PWDCrackGrammars,
	author		= {Matt Weir and Sudhir Aggarwal and Breno de Medeiros and Bill Glodek},
	title		= {{Password Cracking Using Probabilistic Context-Free Grammars}},
	booktitle	= {IEEE Symposium on Security and Privacy},
	year		= {2009},
	pages		= {391--405},
	publisher	= {IEEE Computer Society}
}

@INPROCEEDINGS{FastDictAttacks,
	author		= {Narayanan, Arvind and Shmatikov, Vitaly},
	title		= {{Fast Dictionary Attacks on Passwords Using Time-Space Tradeoff}},
	booktitle	= {Proc.\ 12th ACM conference on Computer and communications security},
	year		= {2005},
	pages		= {364--372},
	address		= {New York, NY, USA},
	publisher	= {ACM},
	doi			= {10.1145/1102120.1102168},
	isbn		= {1-59593-226-7},
	location	= {Alexandria, VA, USA}
}

@MISC{OMEN,
	author		= {Claude Castelluccia and Abdelberi Chaabane and Markus D\"{u}rmuth and Daniele Perito},
	title		= {OMEN: An improved password cracker leveraging personal information},
	howpublished= {Available as arXiv:1304.6584},
	year		= {2013}
}

@MISC{RFC2898,
	author		= {B. Kaliski},
	title		= {{PKCS \#5: Password-Based Cryptography Specification Version 2.0}},
	howpublished= {RFC 2898},
	month		= {Sept.},
	year		= {2000},
	owner		= {Work},
	timestamp	= {2011.11.15}
}

@inproceedings{BCRYPT_paper,
  author    = {Niels Provos and
               David Mazi{\`{e}}res},
  title     = {{A} {F}uture-{A}daptable {P}assword {S}cheme},
  booktitle = {{USENIX} Annual Technical Conference, {FREENIX} Track},
  pages     = {81--91},
  publisher = {{USENIX}},
  year      = 1999,
}

@Misc{percival-09-scrypt,
	author		= {Colin Percival},
	title		= {{Stronger Key Derivation via Sequential Memory-Hard Functions}},
	howpublished= {Presentation at BSDCan'09. Available online at \url{http://www.tarsnap.com/scrypt/scrypt.pdf}},
	year		= 2009
}

@ARTICLE{CryptanalysisCOPA,
	author		= {T. G\"{u}neysu and T. Kasper and M. Novotn\'{y} and C. Paar and A. Rupp},
	title		= {{Cryptanalysis with COPACOBANA}},
	journal		= {IEEE Transactions on Computers},
	year		= {2008},
	volume		= {57},
	pages		= {1498--1513},
	number		= {11},
	month		= {November},
	address		= {Washington, DC, USA},
	publisher	= {IEEE Computer Society},
	timestamp	= {2010.03.18}
}

@INPROCEEDINGS{EnhancingCOPA,
	author		= {T. G\"uneysu and C. Paar and G. Pfeiffer and M. Schimmler},
	title		= {{Enhancing COPACOBANA for advanced applications in cryptography and cryptanalysis}},
	booktitle	= {Proceedings of the Conference on Field Programmable Logic and Applications (FPL 2008)},
	year		= {2008},
	pages		= {675--678},
	timestamp	= {2008.10.29}
}

@article{RealWorldA51,
	author		= {Timo Gendrullis and Martin Novotn{\'y} and Andy Rupp},
	title		= {{A Real-World Attack Breaking A5/1 within Hours}},
	journal		= {IACR Cryptology ePrint Archive},
	volume		= {2008},
	year		= {2008},
	pages		= {147},
	ee			= {http://eprint.iacr.org/2008/147},
}

@INPROCEEDINGS{FPGAFactoring,
	author		= {Ralf Zimmermann and Tim G\"uneysu and Christof Paar},
	booktitle	= {Field Programmable Logic and Applications (FPL), 2010 International Conference on},
	title		= {{High-Performance Integer Factoring with Reconfigurable Devices}},
	year		= {2010},
	month		= {Aug},
	pages		= {83-88},
	doi			= {10.1109/FPL.2010.26}
}

@inproceedings{PBKDEvalutation,
	author		= {Markus D{\"u}rmuth and Tim G{\"u}neysu and Markus Kasper and Christof Paar and Tolga Yal\c{c}in and Ralf Zimmermann},
	title		= {{Evaluation of Standardized Password-Based Key Derivation against Parallel Processing Platforms}},
	booktitle	= {{Computer Security â€“ ESORICS 2012}},
	year		= {2012},
	pages		= {716-733},
	doi			= {10.1007/978-3-642-33167-1_41},
}

@MISC{PWDCON_Bcrypt,
	author		= {Katja Malvoni},
	title		= {{Energy-efficient bcrypt cracking}},
	publisher	= {(Presentation, PasswordCon 13)},
	year		= {2013},
	month		= Dec,
	address		= {Bergen, Norway},
	note		= {Presentation given at PasswordCon Bergen, 2013. Slides online at: \url{http://www.openwall.com/presentations/Passwords13-Energy-Efficient-Cracking/Passwords13-Energy-Efficient-Cracking.pdf}}
}

@inproceedings {WOOT/Malvoni14,
	author		= {Katja Malvoni and {Solar Designer} and Josip Knezovic},
	title		= {{Are Your Passwords Safe: Energy-Efficient Bcrypt Cracking with Low-Cost Parallel Hardware}},
	booktitle	= {8th USENIX Workshop on Offensive Technologies (WOOT 14)},
	year		= {2014},
	month		= Aug,
	address		= {San Diego, CA},
	publisher	= {USENIX Association},
}